@string{ben = "Ben Shneiderman"}

@Article{brinch87:_articl,
  author = {Brinch Hansen, Per and
   Knuth, Donald},
  title = {My Title},
  journal = {ACM commincations},
  year = {2001},
  volume = 23,
  number = 7,
  pages = {37--47}
}
